%YAML 1.1
%TAG !u! tag:unity3d.com,2011:
--- !u!1 &100000
GameObject:
  m_ObjectHideFlags: 0
  m_PrefabParentObject: {fileID: 0}
  m_PrefabInternal: {fileID: 100100000}
  serializedVersion: 4
  m_Component:
  - 4: {fileID: 400000}
  - 23: {fileID: 2300000}
  - 33: {fileID: 3300000}
  - 114: {fileID: 11400000}
  - 60: {fileID: 6000000}
  m_Layer: 10
  m_Name: Platform
  m_TagString: Untagged
  m_Icon: {fileID: 0}
  m_NavMeshLayer: 0
  m_StaticEditorFlags: 4294967295
  m_IsActive: 1
--- !u!4 &400000
Transform:
  m_ObjectHideFlags: 1
  m_PrefabParentObject: {fileID: 0}
  m_PrefabInternal: {fileID: 100100000}
  m_GameObject: {fileID: 100000}
  m_LocalRotation: {x: 0, y: 0, z: 0, w: 1}
  m_LocalPosition: {x: 54.0342674, y: 37.1238594, z: 0}
  m_LocalScale: {x: 1, y: 1, z: 1}
  m_Children: []
  m_Father: {fileID: 0}
  m_RootOrder: 0
--- !u!23 &2300000
Renderer:
  m_ObjectHideFlags: 1
  m_PrefabParentObject: {fileID: 0}
  m_PrefabInternal: {fileID: 100100000}
  m_GameObject: {fileID: 100000}
  m_Enabled: 1
  m_CastShadows: 1
  m_ReceiveShadows: 1
  m_LightmapIndex: 255
  m_LightmapTilingOffset: {x: 1, y: 1, z: 0, w: 0}
  m_Materials:
  - {fileID: 2100000, guid: fa6206b11b30c40c8a2530d2151faab6, type: 2}
  - {fileID: 2100000, guid: 2cc48c94a860a40a4b8f0baa476ef5b6, type: 2}
  - {fileID: 2100000, guid: ab550bcad6afe482d94499b529d3513b, type: 2}
  m_SubsetIndices: 
  m_StaticBatchRoot: {fileID: 0}
  m_UseLightProbes: 0
  m_LightProbeAnchor: {fileID: 0}
  m_ScaleInLightmap: 1
  m_SortingLayerID: 0
  m_SortingOrder: 0
--- !u!33 &3300000
MeshFilter:
  m_ObjectHideFlags: 1
  m_PrefabParentObject: {fileID: 0}
  m_PrefabInternal: {fileID: 100100000}
  m_GameObject: {fileID: 100000}
  m_Mesh: {fileID: 0}
--- !u!60 &6000000
PolygonCollider2D:
  m_ObjectHideFlags: 1
  m_PrefabParentObject: {fileID: 0}
  m_PrefabInternal: {fileID: 100100000}
  m_GameObject: {fileID: 100000}
  m_Enabled: 1
  m_Material: {fileID: 0}
  m_IsTrigger: 0
  m_Poly:
    m_Paths:
    - - {x: 1.50883865, y: 1.67403412}
      - {x: 2.68315887, y: -1.86088943}
      - {x: -4.4046936, y: -1.3021698}
      - {x: -1.75209427, y: 3.37719345}
      - {x: .566619873, y: 2.38059616}
--- !u!114 &11400000
MonoBehaviour:
  m_ObjectHideFlags: 1
  m_PrefabParentObject: {fileID: 0}
  m_PrefabInternal: {fileID: 100100000}
  m_GameObject: {fileID: 100000}
  m_Enabled: 1
  m_EditorHideFlags: 0
  m_Script: {fileID: 11500000, guid: 03f847f9ec65d4b99bcc7422fcc4635b, type: 3}
  m_Name: 
  m_EditorClassIdentifier: 
  closed: 1
  addCollider: 1
  points:
  - position: {x: 1.50883865, y: 1.67403412, z: 0}
    inTangent: {x: 1, y: 0, z: 0}
    outTangent: {x: 1, y: 0, z: 0}
    color: {r: 1, g: 1, b: 1, a: 1}
    size: 1
  - position: {x: 2.68315887, y: -1.86088943, z: 0}
    inTangent: {x: 1, y: 0, z: 0}
    outTangent: {x: 1, y: 0, z: 0}
    color: {r: 1, g: 1, b: 1, a: 1}
    size: 1
  - position: {x: -4.4046936, y: -1.3021698, z: 0}
    inTangent: {x: 1, y: 0, z: 0}
    outTangent: {x: 1, y: 0, z: 0}
    color: {r: 1, g: 1, b: 1, a: 1}
    size: 1
  - position: {x: -1.75209427, y: 3.37719345, z: 0}
    inTangent: {x: 1, y: 0, z: 0}
    outTangent: {x: 1, y: 0, z: 0}
    color: {r: 1, g: 1, b: 1, a: 1}
    size: 1
  - position: {x: .566619873, y: 2.38059616, z: 0}
    inTangent: {x: 1, y: 0, z: 0}
    outTangent: {x: 1, y: 0, z: 0}
    color: {r: 1, g: 1, b: 1, a: 1}
    size: 1
  subdivisions: 0
  pathType: 0
  layers:
  - minTileSize: 100
    name: Spikes
    sprite: {fileID: 21300002, guid: 1eef63032d4d34e6aadb363a6eba2bd3, type: 3}
    materialIndex: 0
    isTrigger: 1
    layerType: 0
    seed: 0
    posOffset: {x: -.100000001, y: -1, z: 0}
    dirOffset: {x: -.49000001, y: .360000014}
    spacing: .850000024
    positionVariation: .449999988
    placementFrequency: 1
    followPath: 1
    alternateAngles: 1
    angle: 283
    angleOffsets:
      serializedVersion: 2
      m_Curve:
      - time: 0
        value: 0
        inSlope: 0
        outSlope: 0
        tangentMode: 0
      - time: 1
        value: 0
        inSlope: 0
        outSlope: 0
        tangentMode: 0
      m_PreInfinity: 2
      m_PostInfinity: 2
    angleVariation: 0
    naturalAngle: -125
    angularPlacementRange: .850000024
    size: .930000007
    sizeOffsets:
      serializedVersion: 2
      m_Curve:
      - time: 0
        value: .00521606207
        inSlope: 0
        outSlope: 0
        tangentMode: 0
      - time: 1
        value: .00521606207
        inSlope: 0
        outSlope: 0
        tangentMode: 0
      m_PreInfinity: 2
      m_PostInfinity: 2
    sizeVariation: .129999995
    color: {r: .835294127, g: .271880031, b: .271880031, a: 1}
    hueOffsets:
      serializedVersion: 2
      m_Curve:
      - time: 0
        value: -.00178658962
        inSlope: 0
        outSlope: 0
        tangentMode: 0
      - time: 1
        value: -.00178658962
        inSlope: 0
        outSlope: 0
        tangentMode: 0
      m_PreInfinity: 2
      m_PostInfinity: 2
    hueVariation: .180000007
    saturationOffsets:
      serializedVersion: 2
      m_Curve:
      - time: 0
        value: 0
        inSlope: 0
        outSlope: 0
        tangentMode: 0
      - time: 1
        value: 0
        inSlope: 0
        outSlope: 0
        tangentMode: 0
      m_PreInfinity: 2
      m_PostInfinity: 2
    saturationVariation: .0599999987
    valueOffsets:
      serializedVersion: 2
      m_Curve:
      - time: 0
        value: 0
        inSlope: 0
        outSlope: 0
        tangentMode: 0
      - time: 1
        value: 0
        inSlope: 0
        outSlope: 0
        tangentMode: 0
      m_PreInfinity: 2
      m_PostInfinity: 2
    valueVariation: .300000012
    alphaOffsets:
      serializedVersion: 2
      m_Curve:
      - time: 0
        value: 0
        inSlope: 0
        outSlope: 0
        tangentMode: 0
      - time: 1
        value: 0
        inSlope: 0
        outSlope: 0
        tangentMode: 0
      m_PreInfinity: 2
      m_PostInfinity: 2
    alphaVariation: 0
  - minTileSize: 100
    name: Grass
    sprite: {fileID: 21300016, guid: 1eef63032d4d34e6aadb363a6eba2bd3, type: 3}
    materialIndex: 0
    isTrigger: 1
    layerType: 0
    seed: 43
    posOffset: {x: 0, y: 0, z: -.140000001}
    dirOffset: {x: 0, y: 0}
    spacing: .180000007
    positionVariation: .800000012
    placementFrequency: 1
    followPath: 1
    alternateAngles: 0
    angle: 0
    angleOffsets:
      serializedVersion: 2
      m_Curve:
      - time: 0
        value: 0
        inSlope: 0
        outSlope: 0
        tangentMode: 0
      - time: 1
        value: 0
        inSlope: 0
        outSlope: 0
        tangentMode: 0
      m_PreInfinity: 2
      m_PostInfinity: 2
    angleVariation: 94
    naturalAngle: 98
    angularPlacementRange: .479999989
    size: 1
    sizeOffsets:
      serializedVersion: 2
      m_Curve:
      - time: 0
        value: 0
        inSlope: 0
        outSlope: 0
        tangentMode: 0
      - time: 1
        value: 0
        inSlope: 0
        outSlope: 0
        tangentMode: 0
      m_PreInfinity: 2
      m_PostInfinity: 2
    sizeVariation: .0670000017
    color: {r: .28076911, g: .551470578, b: .194636658, a: 1}
    hueOffsets:
      serializedVersion: 2
      m_Curve:
      - time: 0
        value: 0
        inSlope: 0
        outSlope: 0
        tangentMode: 0
      - time: 1
        value: 0
        inSlope: 0
        outSlope: 0
        tangentMode: 0
      m_PreInfinity: 2
      m_PostInfinity: 2
    hueVariation: .228
    saturationOffsets:
      serializedVersion: 2
      m_Curve:
      - time: 0
        value: 0
        inSlope: 0
        outSlope: 0
        tangentMode: 0
      - time: 1
        value: 0
        inSlope: 0
        outSlope: 0
        tangentMode: 0
      m_PreInfinity: 2
      m_PostInfinity: 2
    saturationVariation: 0
    valueOffsets:
      serializedVersion: 2
      m_Curve:
      - time: 0
        value: 0
        inSlope: 0
        outSlope: 0
        tangentMode: 0
      - time: 1
        value: 0
        inSlope: 0
        outSlope: 0
        tangentMode: 0
      m_PreInfinity: 2
      m_PostInfinity: 2
    valueVariation: 0
    alphaOffsets:
      serializedVersion: 2
      m_Curve:
      - time: 0
        value: 0
        inSlope: 0
        outSlope: 0
        tangentMode: 0
      - time: 1
        value: 0
        inSlope: 0
        outSlope: 0
        tangentMode: 0
      m_PreInfinity: 2
      m_PostInfinity: 2
    alphaVariation: .730000019
  - minTileSize: 100
    name: Fill
    sprite: {fileID: 21300016, guid: 1eef63032d4d34e6aadb363a6eba2bd3, type: 3}
    materialIndex: 1
    isTrigger: 0
    layerType: 3
    seed: 0
    posOffset: {x: 0, y: 0, z: 0}
    dirOffset: {x: 0, y: 0}
    spacing: 1
    positionVariation: 0
    placementFrequency: 1
    followPath: 1
    alternateAngles: 0
    angle: 0
    angleOffsets:
      serializedVersion: 2
      m_Curve:
      - time: 0
        value: 0
        inSlope: 0
        outSlope: 0
        tangentMode: 0
      - time: 1
        value: 0
        inSlope: 0
        outSlope: 0
        tangentMode: 0
      m_PreInfinity: 2
      m_PostInfinity: 2
    angleVariation: 0
    naturalAngle: 0
    angularPlacementRange: 0
    size: 1
    sizeOffsets:
      serializedVersion: 2
      m_Curve:
      - time: 0
        value: 0
        inSlope: 0
        outSlope: 0
        tangentMode: 0
      - time: 1
        value: 0
        inSlope: 0
        outSlope: 0
        tangentMode: 0
      m_PreInfinity: 2
      m_PostInfinity: 2
    sizeVariation: 0
    color: {r: .757352948, g: .367538929, b: .367538929, a: 1}
    hueOffsets:
      serializedVersion: 2
      m_Curve:
      - time: 0
        value: -.000412970781
        inSlope: 0
        outSlope: 0
        tangentMode: 0
      - time: .388101965
        value: .0290315598
        inSlope: 0
        outSlope: 0
        tangentMode: 0
      - time: .745042503
        value: -.0157938004
        inSlope: 0
        outSlope: 0
        tangentMode: 0
      - time: 1
        value: -.000412970781
        inSlope: 0
        outSlope: 0
        tangentMode: 0
      m_PreInfinity: 2
      m_PostInfinity: 2
    hueVariation: 0
    saturationOffsets:
      serializedVersion: 2
      m_Curve:
      - time: 0
        value: 0
        inSlope: 0
        outSlope: 0
        tangentMode: 0
      - time: 1
        value: 0
        inSlope: 0
        outSlope: 0
        tangentMode: 0
      m_PreInfinity: 2
      m_PostInfinity: 2
    saturationVariation: 0
    valueOffsets:
      serializedVersion: 2
      m_Curve:
      - time: 0
        value: 0
        inSlope: 0
        outSlope: 0
        tangentMode: 0
      - time: 1
        value: 0
        inSlope: 0
        outSlope: 0
        tangentMode: 0
      m_PreInfinity: 2
      m_PostInfinity: 2
    valueVariation: 0
    alphaOffsets:
      serializedVersion: 2
      m_Curve:
      - time: 0
        value: 0
        inSlope: 0
        outSlope: 0
        tangentMode: 0
      - time: 1
        value: 0
        inSlope: 0
        outSlope: 0
        tangentMode: 0
      m_PreInfinity: 2
      m_PostInfinity: 2
    alphaVariation: 0
  - minTileSize: 100
    name: DirtEdge
    sprite: {fileID: 21300008, guid: 1eef63032d4d34e6aadb363a6eba2bd3, type: 3}
    materialIndex: 0
    isTrigger: 0
    layerType: 0
    seed: 0
    posOffset: {x: 0, y: 0, z: -.109999999}
    dirOffset: {x: 0, y: 0}
    spacing: .610000014
    positionVariation: -.389999986
    placementFrequency: 1
    followPath: 0
    alternateAngles: 0
    angle: 358
    angleOffsets:
      serializedVersion: 2
      m_Curve:
      - time: 0
        value: 0
        inSlope: 0
        outSlope: 0
        tangentMode: 0
      - time: 1
        value: 0
        inSlope: 0
        outSlope: 0
        tangentMode: 0
      m_PreInfinity: 2
      m_PostInfinity: 2
    angleVariation: 0
    naturalAngle: -89
    angularPlacementRange: .50999999
    size: 1
    sizeOffsets:
      serializedVersion: 2
      m_Curve:
      - time: 0
        value: 0
        inSlope: 0
        outSlope: 0
        tangentMode: 0
      - time: 1
        value: 0
        inSlope: 0
        outSlope: 0
        tangentMode: 0
      m_PreInfinity: 2
      m_PostInfinity: 2
    sizeVariation: 0
    color: {r: .308823526, g: .238758832, b: .18847318, a: 1}
    hueOffsets:
      serializedVersion: 2
      m_Curve:
      - time: 0
        value: -.000412970781
        inSlope: 0
        outSlope: 0
        tangentMode: 0
      - time: .388101965
        value: .0290315598
        inSlope: 0
        outSlope: 0
        tangentMode: 0
      - time: .745042503
        value: -.0157938004
        inSlope: 0
        outSlope: 0
        tangentMode: 0
      - time: 1
        value: -.000412970781
        inSlope: 0
        outSlope: 0
        tangentMode: 0
      m_PreInfinity: 2
      m_PostInfinity: 2
    hueVariation: 0
    saturationOffsets:
      serializedVersion: 2
      m_Curve:
      - time: 0
        value: 0
        inSlope: 0
        outSlope: 0
        tangentMode: 0
      - time: 1
        value: 0
        inSlope: 0
        outSlope: 0
        tangentMode: 0
      m_PreInfinity: 2
      m_PostInfinity: 2
    saturationVariation: .0799999982
    valueOffsets:
      serializedVersion: 2
      m_Curve:
      - time: 0
        value: 0
        inSlope: 0
        outSlope: 0
        tangentMode: 0
      - time: 1
        value: 0
        inSlope: 0
        outSlope: 0
        tangentMode: 0
      m_PreInfinity: 2
      m_PostInfinity: 2
    valueVariation: 0
    alphaOffsets:
      serializedVersion: 2
      m_Curve:
      - time: 0
        value: 0
        inSlope: 0
        outSlope: 0
        tangentMode: 0
      - time: 1
        value: 0
        inSlope: 0
        outSlope: 0
        tangentMode: 0
      m_PreInfinity: 2
      m_PostInfinity: 2
    alphaVariation: 0
  - minTileSize: 100
    name: stuff
    sprite: {fileID: 21300014, guid: 1eef63032d4d34e6aadb363a6eba2bd3, type: 3}
    materialIndex: 2
    isTrigger: 0
    layerType: 0
    seed: 0
    posOffset: {x: 0, y: 0, z: -.560000002}
    dirOffset: {x: 0, y: 0}
    spacing: .829999983
    positionVariation: -.129999995
    placementFrequency: 1
    followPath: 0
    alternateAngles: 1
    angle: 0
    angleOffsets:
      serializedVersion: 2
      m_Curve:
      - time: 0
        value: 0
        inSlope: 0
        outSlope: 0
        tangentMode: 0
      - time: 1
        value: 0
        inSlope: 0
        outSlope: 0
        tangentMode: 0
      m_PreInfinity: 2
      m_PostInfinity: 2
    angleVariation: 32
    naturalAngle: 99
    angularPlacementRange: .75999999
    size: .170000002
    sizeOffsets:
      serializedVersion: 2
      m_Curve:
      - time: 0
        value: 0
        inSlope: 0
        outSlope: 0
        tangentMode: 0
      - time: 1
        value: 0
        inSlope: 0
        outSlope: 0
        tangentMode: 0
      m_PreInfinity: 2
      m_PostInfinity: 2
    sizeVariation: 0
    color: {r: .514705896, g: .253568351, b: .253568351, a: .219607845}
    hueOffsets:
      serializedVersion: 2
      m_Curve:
      - time: 0
        value: .00617617369
        inSlope: 0
        outSlope: 0
        tangentMode: 0
      - time: .205952138
        value: .746321619
        inSlope: .112485141
        outSlope: .112485141
        tangentMode: 0
      - time: .388101965
        value: .0356207043
        inSlope: 0
        outSlope: 0
        tangentMode: 0
      - time: .700597227
        value: .420289367
        inSlope: 0
        outSlope: 0
        tangentMode: 0
      - time: 1
        value: .00617617369
        inSlope: 0
        outSlope: 0
        tangentMode: 0
      - time: 1.0396601
        value: -.0141175538
        inSlope: 0
        outSlope: 0
        tangentMode: 0
      m_PreInfinity: 2
      m_PostInfinity: 2
    hueVariation: 1
    saturationOffsets:
      serializedVersion: 2
      m_Curve:
      - time: 0
        value: 0
        inSlope: 0
        outSlope: 0
        tangentMode: 0
      - time: .339559734
        value: -.0179901123
        inSlope: 0
        outSlope: 0
        tangentMode: 0
      - time: .740103066
        value: .871637344
        inSlope: -8.71896744
        outSlope: -8.71896744
        tangentMode: 0
      - time: 1
        value: 0
        inSlope: 0
        outSlope: 0
        tangentMode: 0
      m_PreInfinity: 2
      m_PostInfinity: 2
    saturationVariation: 1
    valueOffsets:
      serializedVersion: 2
      m_Curve:
      - time: 0
        value: 1
        inSlope: 0
        outSlope: 0
        tangentMode: 0
      - time: 1
        value: 1
        inSlope: 0
        outSlope: 0
        tangentMode: 0
      m_PreInfinity: 2
      m_PostInfinity: 2
    valueVariation: 1
    alphaOffsets:
      serializedVersion: 2
      m_Curve:
      - time: 0
        value: 0
        inSlope: 0
        outSlope: 0
        tangentMode: 0
      - time: 1
        value: 0
        inSlope: 0
        outSlope: 0
        tangentMode: 0
      m_PreInfinity: 2
      m_PostInfinity: 2
    alphaVariation: 1
--- !u!1001 &100100000
Prefab:
  m_ObjectHideFlags: 1
  serializedVersion: 2
  m_Modification:
    m_TransformParent: {fileID: 0}
    m_Modifications: []
    m_RemovedComponents: []
  m_ParentPrefab: {fileID: 0}
  m_RootGameObject: {fileID: 100000}
  m_IsPrefabParent: 1
  m_IsExploded: 1
